

@article{fokin10,
  author =  "Fokin, A. and Troshina, K. and Chernov, A",
  title =   "Reconstruction of Class Hierarchies for Decompilation of C++ Programs",
  journal = "Proceedings of 14th European Conference on Software Maintenance and Reengineering",
  month =   "March",
  year =    "2010",
  pages =   "249-252"
}

@electronic{kocchar02,
  author =  "Kochhar, V",
  title =   "How a C++ Compiler Implements Exception Handling, http://www.codeproject.com/KB/cpp/exceptionhandler.aspx",
  month =   "April",
  year =    "2002",
  url =     "http://www.codeproject.com/KB/cpp/exceptionhandler.aspx"
}

@electronic{skochinsky06e,
  author =  "Skochinsky, I",
  title =   "Reversing Microsoft Visual C++ Part 1: Exception Handling, http://www.openrce.org/articles/full\_view/21",
  month =   "March",
  year =    "2006",
  url =     "http://www.openrce.org/articles/full_view/21"
}

@electronic{skochinsky06c,
  author =  "Skochinsky, I",
  title =   "Reversing Microsoft Visual C++ Part 2: Classes, Methods and RTTI, http://www.openrce.org/articles/full\_view/23",
  month =   "September",
  year =    "2006",
  url =     "http://www.openrce.org/articles/full_view/23"
}

@article{sabanal07,
  author =  "Sabanal, P and Yason, M",
  title =   "Reversing C++",
  journal = "Black Hat DC",
  month =   "February",
  year =    "2007"
}

@electronic{ida,
   title =   "IDA Pro Disassembler, http://www.datarescue.com/"
}

@article{stroustrup93,
  author =   "Stroustrup, B",
  title =    "A history of C++: 1979-1991",
  journal =  "Proceedings of the 2nd ACM SIGPLAN Conference on History of Programming Languages",
  month =    "April",
  year =     "1993",
  pages =    "271-297"
}

@electronic{gray94,
  author =   "Gray, J",
  title =    "C++: Under the Hood, http://msdn.microsoft.com/archive/en-us/dnarvc/html/jangrayhood.asp",
  month =    "March",
  year =     "1994",
  url  =     "http://msdn.microsoft.com/archive/en-us/dnarvc/html/jangrayhood.asp"
}

@book{cpp03,
  title =    "ISO/IEC Standard 14882:2003. Programming languages - C++",
  publisher = "American National Standards Institute",
  address =  "New York",
  year =     "2003"
}

@article{pietrek97,
  author =   "Pietrek, M",
  title =    "A Crash Course on the Depths of Win32 Structured Exception Handling",
  journal =  "Microsoft Systems Journal",
  month =    "January",
  year =     "1997",
  url =      "http://www.microsoft.com/msj/0197/exception/exception.aspx"
}

@book{aho06,
  author =   "Aho, Alfred V. and Lam, Monica S. and Sethi, Ravi and Ullman, Jeffrey D.",
  title =    "Compilers: Principles, Techniques, and Tools (2nd Edition)",
  edition =  "2",
  publisher = "Addison-Wesley",
  month =    "August",
  year =     "2006"
}

@electronic{gccabi,
  title =    "Itanium C++ ABI, http://www.codesourcery.com/public/cxx-abi/abi.html",
  url =      "http://www.codesourcery.com/public/cxx-abi/abi.html"
}

@electronic{linuxspec,
  title =   "Linux Standard Base Core Specification 3.0RC1, Chapter 8. Exception Frames, http://refspecs.freestandards.org/LSB\_3.0.0/LSB-Core-generic/LSB-Core-generic/ehframechpt.html",
  url =     "http://refspecs.freestandards.org/LSB\_3.0.0/LSB-Core-generic/LSB-Core-generic/ehframechpt.html"
}

































%
