
@Article{gray94,
   author =  "Gray, J",
   title =   "C++: Under the Hood",
   year =    "1994"
%              http://msdn.microsoft.com/archive/en-us/dnarvc/html/jangrayhood.asp",
}

@Article{stroustrup93,
   author =  "Stroustrup, B",
   title =   "A history of C++: 1979-1991",
   journal = "Proceedings of the second ACM SIGPLAN conference on History of programming languages",
   month = "April",
   year =   "1993",
   pages =   "271-297"
}

@Article{sabanal07,
   author =  "Sabanal, P and Yason, M",
   title =   "Reversing C++",
   journal = "Black Hat DC",
   month =   "February",
   year =    "2007"
}

@Article{emmerik04,
   author =  "Emmerik, M and Waddington, T",
   title =   "Using a Decompiler for Real-World Source Recovery",
   journal = "Proceedings of 11th Working Conference on Reverse Engineering",
   month =   "November",
   year =    "2004",
   pages =   "27-36"
}

@Book{lerma04,
   author =  "Lerma, M.",
   title =   "Notes on Discrete Mathematics",
   year =    "2004"
}

@Article{skochinsky06,
   author =  "Skochinsky, I",
   title =   "Reversing Microsoft Visual C++ Part 2: Classes, Methods and RTTI",
   year =    "2006"
%              http://www.openrce.org/articles/full_view/23"
}

@Book{cpp03,
   title =   "ISO/IEC Standard 14882:2003. Programming languages - C++",
   publisher = "American National Standards Institute",
   address = "New York",
   year =    "2003"
}

@Article{gccabi,
   title =   "Itanium C++ ABI, http://www.codesourcery.com/public/cxx-abi/abi.html"
}

%@Article{wine,
%   title =   "Wine, http://www.winehq.org"
%}

%@Article{mfc,
%   title =   "Microsoft Foundation Class Library Reference, http://msdn.microsoft.com/en-us/library/d06h2x6e.aspx"
%}

%@Article{qt,
%   title =   "Qt, http://www.qtsoftware.com/products/"
%}

%@Article{doxygen,
%   title =   "Doxygen, http://www.stack.nl/~dimitri/doxygen/"
%}

%@Article{mkvtoolnix,
%   title =   "MKVToolnix, http://www.bunkus.org/videotools/mkvtoolnix/"
%}
