@article{fokin10,
  author =  "Fokin, A. and Troshina, K. and Chernov, A",
  title =   "Reconstruction of Class Hierarchies for Decompilation of C++ Programs",
  journal = "Proceedings of 14th European Conference on Software Maintenance and Reengineering",
  month =   "March",
  year =    "2010",
  pages =   "249-252"
}

@electronic{kocchar02,
  author =  "Kochhar, V",
  title =   "How a C++ Compiler Implements Exception Handling",
  month =   "April",
  year =    "2002",
  url =     "http://www.codeproject.com/KB/cpp/exceptionhandler.aspx"
}

@electronic{skochinsky06e,
  author =  "Skochinsky, I",
  title =   "Reversing Microsoft Visual C++ Part 1: Exception Handling",
  month =   "March",
  year =    "2006",
  url =     "http://www.openrce.org/articles/full_view/21"
}

@electronic{skochinsky06c,
  author =  "Skochinsky, I",
  title =   "Reversing Microsoft Visual C++ Part 2: Classes, Methods and RTTI",
  month =   "September",
  year =    "2006",
  url =     "http://www.openrce.org/articles/full_view/23"
}

@article{sabanal07,
  author =  "Sabanal, P and Yason, M",
  title =   "Reversing C++",
  journal = "Black Hat DC",
  month =   "February",
  year =    "2007"
}

@electronic{ida,
  title =   "IDA Pro Disassembler, http://www.datarescue.com/",
  url =     "http://www.hex-rays.com/idapro/",
  key =     "ida"
}

@article{stroustrup93,
  author =   "Stroustrup, B",
  title =    "A history of C++: 1979-1991",
  journal =  "Proceedings of the 2nd ACM SIGPLAN Conference on History of Programming Languages",
  month =    "April",
  year =     "1993",
  pages =    "271-297"
}

@electronic{gray94,
  author =   "Gray, J",
  title =    "C++: Under the Hood",
  month =    "March",
  year =     "1994",
  url  =     "http://msdn.microsoft.com/archive/en-us/dnarvc/html/jangrayhood.asp"
}

@book{cpp03,
  title =    "ISO/IEC Standard 14882:2003. Programming languages - C++",
  publisher = "American National Standards Institute",
  address =  "New York",
  year =     "2003"
}

@article{pietrek97,
  author =   "Pietrek, M",
  title =    "A Crash Course on the Depths of Win32 Structured Exception Handling",
  journal =  "Microsoft Systems Journal",
  month =    "January",
  year =     "1997",
  url =      "http://www.microsoft.com/msj/0197/exception/exception.aspx"
}

@book{aho06,
  author =   "Aho, Alfred V. and Lam, Monica S. and Sethi, Ravi and Ullman, Jeffrey D.",
  title =    "Compilers: Principles, Techniques, and Tools (2nd Edition)",
  edition =  "2",
  publisher = "Addison-Wesley",
  month =    "August",
  year =     "2006"
}

@electronic{gccabi,
  title =    "Itanium C++ ABI",
  url =      "http://www.codesourcery.com/public/cxx-abi/abi.html",
  key =      "itanium"
}

@electronic{linuxspec,
  title =    "Linux Standard Base Core Specification 3.0RC1, Chapter 8. Exception Frames",
  url =      "http://refspecs.freestandards.org/LSB\_3.0.0/LSB-Core-generic/LSB-Core-generic/ehframechpt.html",
  key =      "Linux"
}

@electronic{qt,
  title =    "Qt - a cross-platform application and UI framework, http://qt.nokia.com/products/",
  url =      "http://qt.nokia.com/products/",
  key =      "Qt"
}

@electronic{mfc,
  title =    "Microsoft Foundation Class Library",
  url =      "http://msdn.microsoft.com/en-us/library/d06h2x6e%28v=VS.100%29.aspx",
  key =      "mfc"
}

@electronic{llvm,
  title =    "The LLVM Compiler Infrastructure",
  url =      "http://llvm.org/",
  key =      "llvm"
}

@article{quiroz98,
  author =   "César A. Quiroz",
  title =    "Using C++ Efficiently In Embedded Applications",
  journal =  "Proceedings of the Embedded Systems Conference",
  month =    "November",
  year =     "1998"
}

@techreport{cpppftr03,
  title =    "Technical Report on C++ performance N1487=03-0070",
  institution = "ISO/IEC JTC1, Information Technology, Subcommittee SC 22, Programming Language C++",
  year =     "2003"
}

@electronic{mongodb,
  title =    "MongoDB, schema-free document-oriented database",
  url =      "http://www.mongodb.org/",
  key =      "mongodb"
}

@electronic{rec,
  title =    "REC, Reverse Engineering Compiler", 
  url =      "http://www.backerstreet.com/rec/rec.htm",
  key =      "rec"
}

@electronic{boomerang,
  title =    "Boomerang Decompiler", 
  url =      "http://boomerang.sourceforge.net/",
  key =      "boomerang"
}

@electronic{hexrays,
  title =    "Hex-Rays Decompiler", 
  url =      "http://www.hex-rays.com/",
  key =      "hexrays"
}

@article{wcre2008,
  author = "Dolgova, K. and Chernov, A.",
  title = "Automatic Type Reconstruction in Disassembled C Programs", 
  journal = "Proceedings of the WCRE'08",
  month = "October",
  year = "2008",
}

@article{scam2010,
  author = "Katerina Troshina and Yegor Derevenets and Alexander Chernov",
  title = "Reconstruction of Composite Types for Decompilation",
  journal = "Source Code Analysis and Manipulation, IEEE International Workshop on",
  volume = "0",
  isbn = "978-0-7695-4178-5",
  year = "2010",
  pages = "179-188",
  doi = "http://doi.ieeecomputersociety.org/10.1109/SCAM.2010.24",
  publisher = "IEEE Computer Society",
  address = "Los Alamitos, CA, USA"
}

@article{mycroft1999,
  author = "Mycroft, A",
  title = "Type-Based Decompilation", 
  journal = "European Symp. on Programming",
  year = "1999",
  volume = "1576",
  pages = "208-223",
}

@article{namolaru06,
  author =   "Namolaru, M.",
  title =    "Devirtualization in GCC",
  journal =  "Proceedings of the GCC Developers’ Summit",
  month =    "June",
  year =     "2006",
  pages =    "125-134"
}

@article{bacon96,
  author = {Bacon, D. and Sweeney, P.},
  title = {Fast Static Analysis of C++ Virtual Function Calls},
  journal = {SIGPLAN Not.},
  volume = {31},
  issue = {10},
  month = {October},
  year = {1996},
  pages = {324-341},
  numpages = {18},
  url = {http://doi.acm.org/10.1145/236338.236371},
  doi = {http://doi.acm.org/10.1145/236338.236371},
  acmid = {236371},
  publisher = {ACM},
  address = {New York, NY, USA},
} 

@article{porat96,
  author = {Porat, S. and Bernstein, D. and Fedorov, Y. and Rodrigue, J. and Yahav, E.},
  title = {Compiler Optimization of C++ Virtual Function Calls},
  journal = {Proceedings of the 2nd Conference on Object-Oriented Technologies and Systems},
  year = {1996},
  pages = {3-14}
}

@book{muchnick97,
   author = "Muchnick, S", 
   title = "Advanced Compiler Design and Implementation", 
   publisher = "Morgan Kaufmann Publishers",
   year = "1997"
}

@book{stroustrup97,
  author =   "Stroustrup, B",
  title =    "The C++ Programming Language, 3rd edition",
  publisher = "Addison-Wesley",
  address =  "Reading, MA",
  year =     "1997"
}

@article{psi_workshop,
  author = "Troshina, K. and Chernov, A. and Derevenets, Y.",
  title = "C Decompilation: Is It Possible?",
  journal = "Proceedings of International Workshop on Program Understanding",
  location = "Altai Mountains, Russia",
  month = "June",
  year = "2009",
  pages = "18-27"
}

@article{PI3_09,
  author = "Derevenets, E. and Dolgova, K.",
  title = "Structural analysis in the problem of decompilation",
  journal = "Applied Mathematics",
  volume = "4",
  month = "August",
  year = "2009",
  publisher = "Moscow, MarketDS",
  pages = "87-99"
}
